@inproceedings{johnson2015image,
	title = {Image retrieval using scene graphs},
	author = {Johnson, Justin and Krishna, Ranjay and Stark, Michael and Li,
	          Li-Jia and Shamma, David and Bernstein, Michael and Fei-Fei, Li
	          },
	booktitle = {Proceedings of the IEEE conference on computer vision and
	             pattern recognition},
	pages = {3668--3678},
	year = {2015},
}

@article{cong2023reltr,
	title = {Reltr: Relation transformer for scene graph generation},
	author = {Cong, Yuren and Yang, Michael Ying and Rosenhahn, Bodo},
	journal = {IEEE Transactions on Pattern Analysis and Machine
	           Intelligence},
	volume = {45},
	number = {9},
	pages = {11169--11183},
	year = {2023},
	publisher = {IEEE},
}
@article{li2024scene,
	title = {Scene graph generation: A comprehensive survey},
	author = {Li, Hongsheng and Zhu, Guangming and Zhang, Liang and Jiang,
	          Youliang and Dang, Yixuan and Hou, Haoran and Shen, Peiyi and
	          Zhao, Xia and Shah, Syed Afaq Ali and Bennamoun, Mohammed},
	journal = {Neurocomputing},
	volume = {566},
	pages = {127052},
	year = {2024},
	publisher = {Elsevier},
}
@inproceedings{yang2018graph,
	title = {Graph r-cnn for scene graph generation},
	author = {Yang, Jianwei and Lu, Jiasen and Lee, Stefan and Batra, Dhruv
	          and Parikh, Devi},
	booktitle = {Proceedings of the European conference on computer vision
	             (ECCV)},
	pages = {670--685},
	year = {2018},
}
@inproceedings{carion2020end,
	title = {End-to-end object detection with transformers},
	author = {Carion, Nicolas and Massa, Francisco and Synnaeve, Gabriel and
	          Usunier, Nicolas and Kirillov, Alexander and Zagoruyko, Sergey},
	booktitle = {European conference on computer vision},
	pages = {213--229},
	year = {2020},
	organization = {Springer},
}

@article{zou2023object,
	title = {Object detection in 20 years: A survey},
	author = {Zou, Zhengxia and Chen, Keyan and Shi, Zhenwei and Guo, Yuhong
	          and Ye, Jieping},
	journal = {Proceedings of the IEEE},
	volume = {111},
	number = {3},
	pages = {257--276},
	year = {2023},
	publisher = {IEEE},
}
@article{tian2022fully,
	title = {Fully convolutional one-stage 3d object detection on lidar
	         range images},
	author = {Tian, Zhi and Chu, Xiangxiang and Wang, Xiaoming and Wei,
	          Xiaolin and Shen, Chunhua},
	journal = {Advances in Neural Information Processing Systems},
	volume = {35},
	pages = {34899--34911},
	year = {2022},
}
@inproceedings{desai2021learning,
	title = {Learning of visual relations: The devil is in the tails},
	author = {Desai, Alakh and Wu, Tz-Ying and Tripathi, Subarna and
	          Vasconcelos, Nuno},
	booktitle = {Proceedings of the IEEE/CVF International Conference on
	             Computer Vision},
	pages = {15404--15413},
	year = {2021},
}
@inproceedings{li2021bipartite,
	title = {Bipartite graph network with adaptive message passing for
	         unbiased scene graph generation},
	author = {Li, Rongjie and Zhang, Songyang and Wan, Bo and He, Xuming},
	booktitle = {Proceedings of the IEEE/CVF conference on computer vision
	             and pattern recognition},
	pages = {11109--11119},
	year = {2021},
}
@inproceedings{li2022sgtr,
	title = {Sgtr: End-to-end scene graph generation with transformer},
	author = {Li, Rongjie and Zhang, Songyang and He, Xuming},
	booktitle = {proceedings of the IEEE/CVF conference on computer vision
	             and pattern recognition},
	pages = {19486--19496},
	year = {2022},
}
@article{krishna2017visual,
	title = {Visual genome: Connecting language and vision using
	         crowdsourced dense image annotations},
	author = {Krishna, Ranjay and Zhu, Yuke and Groth, Oliver and Johnson,
	          Justin and Hata, Kenji and Kravitz, Joshua and Chen, Stephanie
	          and Kalantidis, Yannis and Li, Li-Jia and Shamma, David A and
	          others},
	journal = {International journal of computer vision},
	volume = {123},
	pages = {32--73},
	year = {2017},
	publisher = {Springer},
}
@article{plummer2020revisiting,
	title = {Revisiting image-language networks for open-ended phrase
	         detection},
	author = {Plummer, Bryan A and Shih, Kevin J and Li, Yichen and Xu, Ke
	          and Lazebnik, Svetlana and Sclaroff, Stan and Saenko, Kate},
	journal = {IEEE transactions on pattern analysis and machine
	           intelligence},
	volume = {44},
	number = {4},
	pages = {2155--2167},
	year = {2020},
	publisher = {IEEE},
}
@inproceedings{jin2023fast,
	title = {Fast contextual scene graph generation with unbiased context
	         augmentation},
	author = {Jin, Tianlei and Guo, Fangtai and Meng, Qiwei and Zhu,
	          Shiqiang and Xi, Xiangming and Wang, Wen and Mu, Zonghao and
	          Song, Wei},
	booktitle = {Proceedings of the IEEE/CVF Conference on Computer Vision
	             and Pattern Recognition},
	pages = {6302--6311},
	year = {2023},
}
@article{lecun2015deep,
	title = {Deep learning},
	author = {LeCun, Yann and Bengio, Yoshua and Hinton, Geoffrey},
	journal = {nature},
	volume = {521},
	number = {7553},
	pages = {436--444},
	year = {2015},
	publisher = {Nature Publishing Group UK London},
}
@inproceedings{gu2019unpaired,
	title = {Unpaired image captioning via scene graph alignments},
	author = {Gu, Jiuxiang and Joty, Shafiq and Cai, Jianfei and Zhao,
	          Handong and Yang, Xu and Wang, Gang},
	booktitle = {Proceedings of the IEEE/CVF International Conference on
	             Computer Vision},
	pages = {10323--10332},
	year = {2019},
}
@inproceedings{jung2023devil,
	title = {Devil's on the edges: Selective quad attention for scene graph
	         generation},
	author = {Jung, Deunsol and Kim, Sanghyun and Kim, Won Hwa and Cho,
	          Minsu},
	booktitle = {Proceedings of the IEEE/CVF Conference on Computer Vision
	             and Pattern Recognition},
	pages = {18664--18674},
	year = {2023},
}
@inproceedings{gao2018image,
	title = {Image captioning with scene-graph based semantic concepts},
	author = {Gao, Lizhao and Wang, Bo and Wang, Wenmin},
	booktitle = {Proceedings of the 2018 10th international conference on
	             machine learning and computing},
	pages = {225--229},
	year = {2018},
}
@article{zhang2019empirical,
	title = {An empirical study on leveraging scene graphs for visual
	         question answering},
	author = {Zhang, Cheng and Chao, Wei-Lun and Xuan, Dong},
	journal = {arXiv preprint arXiv:1907.12133},
	year = {2019},
}
@article{tripathi2019using,
	title = {Using scene graph context to improve image generation},
	author = {Tripathi, Subarna and Bhiwandiwalla, Anahita and Bastidas,
	          Alexei and Tang, Hanlin},
	journal = {arXiv preprint arXiv:1901.03762},
	year = {2019},
}
@inproceedings{lee2018multi,
	title = {Multi-label zero-shot learning with structured knowledge graphs
	         },
	author = {Lee, Chung-Wei and Fang, Wei and Yeh, Chih-Kuan and Wang,
	          Yu-Chiang Frank},
	booktitle = {Proceedings of the IEEE conference on computer vision and
	             pattern recognition},
	pages = {1576--1585},
	year = {2018},
}
@inproceedings{dornadula2019visual,
	title = {Visual relationships as functions: Enabling few-shot scene
	         graph prediction},
	author = {Dornadula, Apoorva and Narcomey, Austin and Krishna, Ranjay
	          and Bernstein, Michael and Li, Fei-Fei},
	booktitle = {Proceedings of the IEEE/CVF International Conference on
	             Computer Vision Workshops},
	pages = {0--0},
	year = {2019},
}
@inproceedings{liang2017deep,
	title = {Deep variation-structured reinforcement learning for visual
	         relationship and attribute detection},
	author = {Liang, Xiaodan and Lee, Lisa and Xing, Eric P},
	booktitle = {Proceedings of the IEEE conference on computer vision and
	             pattern recognition},
	pages = {848--857},
	year = {2017},
}
@inproceedings{gu2019scene,
	title = {Scene graph generation with external knowledge and image
	         reconstruction},
	author = {Gu, Jiuxiang and Zhao, Handong and Lin, Zhe and Li, Sheng and
	          Cai, Jianfei and Ling, Mingyang},
	booktitle = {Proceedings of the IEEE/CVF conference on computer vision
	             and pattern recognition},
	pages = {1969--1978},
	year = {2019},
}
@inproceedings{redmon2016you,
	title = {You only look once: Unified, real-time object detection},
	author = {Redmon, J},
	booktitle = {Proceedings of the IEEE conference on computer vision and
	             pattern recognition},
	year = {2016},
}
@inproceedings{redmon2017yolo9000,
	title = {YOLO9000: better, faster, stronger},
	author = {Redmon, Joseph and Farhadi, Ali},
	booktitle = {Proceedings of the IEEE conference on computer vision and
	             pattern recognition},
	pages = {7263--7271},
	year = {2017},
}
@article{terven2023comprehensive,
	title = {A comprehensive review of yolo architectures in computer
	         vision: From yolov1 to yolov8 and yolo-nas},
	author = {Terven, Juan and C{\'o}rdova-Esparza, Diana-Margarita and
	          Romero-Gonz{\'a}lez, Julio-Alejandro},
	journal = {Machine Learning and Knowledge Extraction},
	volume = {5},
	number = {4},
	pages = {1680--1716},
	year = {2023},
	publisher = {MDPI},
}
@inproceedings{sohan2024review,
	title = {A review on yolov8 and its advancements},
	author = {Sohan, Mupparaju and Sai Ram, Thotakura and Reddy, Rami and
	          Venkata, Ch},
	booktitle = {International Conference on Data Intelligence and Cognitive
	             Informatics},
	pages = {529--545},
	year = {2024},
	organization = {Springer},
}
@www{ultralytics11,
	title = {Ultralytics YOLO11 Open-Sourced},
	author = {Ultralytics},
	year = {2024},
	url = {
	       https://www.reddit.com/r/Ultralytics/comments/1ftsrg7/ultralytics_yolo11_opensourced/
	       },
}
@inproceedings{tang2020unbiased,
	title = {Unbiased scene graph generation from biased training},
	author = {Tang, Kaihua and Niu, Yulei and Huang, Jianqiang and Shi,
	          Jiaxin and Zhang, Hanwang},
	booktitle = {Proceedings of the IEEE/CVF conference on computer vision
	             and pattern recognition},
	pages = {3716--3725},
	year = {2020},
}
@article{yu2020cogtree,
	title = {Cogtree: Cognition tree loss for unbiased scene graph
	         generation},
	author = {Yu, Jing and Chai, Yuan and Wang, Yujing and Hu, Yue and Wu,
	          Qi},
	journal = {arXiv preprint arXiv:2009.07526},
	year = {2020},
}
@inproceedings{chiou2021recovering,
	title = {Recovering the unbiased scene graphs from the biased ones},
	author = {Chiou, Meng-Jiun and Ding, Henghui and Yan, Hanshu and Wang,
	          Changhu and Zimmermann, Roger and Feng, Jiashi},
	booktitle = {Proceedings of the 29th ACM International Conference on
	             Multimedia},
	pages = {1581--1590},
	year = {2021},
}
@inproceedings{yan2020pcpl,
	title = {Pcpl: Predicate-correlation perception learning for unbiased
	         scene graph generation},
	author = {Yan, Shaotian and Shen, Chen and Jin, Zhongming and Huang,
	          Jianqiang and Jiang, Rongxin and Chen, Yaowu and Hua,
	          Xian-Sheng},
	booktitle = {Proceedings of the 28th ACM international conference on
	             multimedia},
	pages = {265--273},
	year = {2020},
}
@inproceedings{pennington2014glove,
	title = {Glove: Global vectors for word representation},
	author = {Pennington, Jeffrey and Socher, Richard and Manning,
	          Christopher D},
	booktitle = {Proceedings of the 2014 conference on empirical methods in
	             natural language processing (EMNLP)},
	pages = {1532--1543},
	year = {2014},
}
